


@techreport{teresa-neutron-transport,
  author       = {Teresa Kulikowska},
  institution = {Institute of Atomic Energy, Poland},
  title        = {An Introduction to the Neutron Transport Phenomena},
  year         = {2000}
}

@misc{project-src-code,
  author       = {Tom Malcolm},
  howpublished = {GitHub via \url{https://github.com/Thomas-Malcolm/math6103-project}},
  title        = {Project Source Code},
  year         = {2023},
}

@book{los-alamos-primer,
  author         = {Robert Serber},
  publisher      = {University of California Press},
  title          = {The Los Alomos Primer},
  year           = {1992}
}

@misc{mcnp-code,
  author       = {Los Alamos National Laboratory},
  howpublished = {Website at \url{https://mcnp.lanl.gov/}},
  title        = {The MCNP Code},
  year         = {2023}
}

@techreport{dirk-monte-carlo,
  author      = {Dirk Kroese},
  institution = {The University of Queensland},
  title       = {Monte Carlo Methods},
  year        = {2011}
}

@article{fusion-neutron-codes,
    title = {Benchmarking of emergent radiation transport codes for fusion neutronics applications},
    journal = {Fusion Engineering and Design},
    volume = {180},
    pages = {113197},
    year = {2022},
    issn = {0920-3796},
    doi = {https://doi.org/10.1016/j.fusengdes.2022.113197},
    url = {https://www.sciencedirect.com/science/article/pii/S0920379622001934},
    author = {A. Valentine and T. Berry and S. Bradnam and J. Hagues and J. Hodson},
    keywords = {Radiation transport, Neutronics, SINBAD, Validation},
}

@article{particle-accelerator-neutron-codes,
    title = {shield â€” universal Monte Carlo hadron transport code: scope and applications},
    journal = {Radiation Measurements},
    volume = {30},
    number = {5},
    pages = {553-557},
    year = {1999},
    issn = {1350-4487},
    doi = {https://doi.org/10.1016/S1350-4487(99)00231-0},
    url = {https://www.sciencedirect.com/science/article/pii/S1350448799002310},
    author = {A.V Dementyev and N.M Sobolevsky},
}


@misc{collision-kernel-data,
  author       = {NEA},
  howpublished = {OECD Publishing},
  title        = {The JEFF-3.1.1 Nuclear Data Library},
  year         = {2009}
}

@phdthesis{mc-methods-neutron-transport-phd,
  author      = {Jan Dufek},
  school      = {School of Engineering Sciences, KTH},
  title       = {Development of New Monte Carlo Methods in Reactor Physics},
  year        = {2009}
}

@Inbook{simulations-neutron-transport,
    author="Kuridan, Ramadan M.",
    title="Computer Simulation of Neutron Transport---The Monte Carlo Method",
    bookTitle="Neutron Transport: Theory, Modeling, and Computations",
    year="2023",
    publisher="Springer Nature Switzerland",
    address="Cham",
    pages="171--201",
    abstract="Applying the Monte Carlo (MC) method to radiation transport is analogous to modeling the principles from which the Boltzmann equation is developed.",
    isbn="978-3-031-26932-5",
    doi="10.1007/978-3-031-26932-5_7",
    url="https://doi.org/10.1007/978-3-031-26932-5_7"
}

